@article{duan2020hierarchical,
  title={Hierarchical reinforcement learning for self-driving decision-making without reliance on labelled driving data},
  author={Duan, Jingliang and Eben Li, Shengbo and Guan, Yang and Sun, Qi and Cheng, Bo},
  journal={IET Intelligent Transport Systems},
  volume={14},
  number={5},
  pages={297--305},
  year={2020},
  publisher={Wiley Online Library}
}
@inproceedings{lample2017playing,
  title={Playing FPS games with deep reinforcement learning},
  author={Lample, Guillaume and Chaplot, Devendra Singh},
  booktitle={Proceedings of the AAAI Conference on Artificial Intelligence},
  volume={31},
  year={2017}
}
@article{mnih2013playing,
  title={Playing atari with deep reinforcement learning},
  author={Mnih, Volodymyr and Kavukcuoglu, Koray and Silver, David and Graves, Alex and Antonoglou, Ioannis and Wierstra, Daan and Riedmiller, Martin},
  journal={arXiv preprint arXiv:1312.5602},
  year={2013}
}
@inproceedings{henderson2018deep,
  title={Deep reinforcement learning that matters},
  author={Henderson, Peter and Islam, Riashat and Bachman, Philip and Pineau, Joelle and Precup, Doina and Meger, David},
  booktitle={Proceedings of the AAAI conference on artificial intelligence},
  volume={32},
  year={2018}
}
@inproceedings{hessel2018rainbow,
  title={Rainbow: Combining improvements in deep reinforcement learning},
  author={Hessel, Matteo and Modayil, Joseph and Van Hasselt, Hado and Schaul, Tom and Ostrovski, Georg and Dabney, Will and Horgan, Dan and Piot, Bilal and Azar, Mohammad and Silver, David},
  booktitle={Proceedings of the AAAI conference on artificial intelligence},
  volume={32},
  year={2018}
}
@misc{JackWBoynton,
    author = {Boynton, Jack},
    title = {Reinforcement Learning v. Mario Kart Wii},
    year = {2022},
    howpublished = {\url{https://github.com/JackWBoynton/mariokart-rl}},
    note = {Accessed 13 Jan 2024}
}
@misc{BenJMiddleton,
    author={BenJMiddleton},
    title={MKWii AI Environment},
    howpublished ={\url{https://github.com/benjaminjmiddleton/mkw_ai_env/blob/main/README.md}},
    year={2023},
    urldate={2023-02-02},
    note = {Accessed 7 Feb 2024}
}
@misc{DolphinMemoryEngine,
    author={aldelaro5},
    title={Dolphin Memory Engine},
    url={\url{https://github.com/aldelaro5/Dolphin-memory-engine}},
    howpublished={\url{https://github.com/aldelaro5/Dolphin-memory-engine}},
    year={2023},
    note={Licensed under MIT License. Accessed 15 Jan 2024}
}
@misc{DolphinEmulator,
    author={{Henrik Rydg√•rd} and {The Dolphin Emulator Project}},
    title={Dolphin Emulator},
    howpublished={\url{https://github.com/dolphin-emu/dolphin}},
    year={2003},
    note={Licensed under GPL-2.0-or-later. Accessed 16 Oct 2023}
}
@misc{DolphinWithScriptingSupport,
    author={TASLabz},
    title={MKWii AI Environment},
    howpublished={\url{https://github.com/TASLabz/dolphin}},
    year={2023},
    note={Licensed under GPL-2.0-or-later. Accessed 23 Oct 2023}
}
@misc{RainbowAgent,
    author={Kaixhin},
    title={Rainbow Agent},
    howpublished={\url{https://github.com/Kaixhin/Rainbow}},
    year={2018},
    note={Licensed under MIT License. Accessed 29 Jan 2024}
}
@misc{Superhopping,
    author={Monster (@monster3rum)},
    title={[MKWii TAS] New Faster Movement with Outside Drifting Bike (Superhopping)},
    year={2022},
    month={May},
    url={https://www.youtube.com/watch?v=CS_1klWMybI},
    note={Accessed 26 March 2024}
    }
@article{watkins1992q,
  title={Q-learning},
  author={Watkins, Christopher JCH and Dayan, Peter},
  journal={Machine learning},
  volume={8},
  pages={279--292},
  year={1992},
  publisher={Springer}
}
@article{kiran2021deep,
  title={Deep reinforcement learning for autonomous driving: A survey},
  author={Kiran, B Ravi and Sobh, Ibrahim and Talpaert, Victor and Mannion, Patrick and Al Sallab, Ahmad A and Yogamani, Senthil and P{\'e}rez, Patrick},
  journal={IEEE Transactions on Intelligent Transportation Systems},
  volume={23},
  number={6},
  pages={4909--4926},
  year={2021},
  publisher={IEEE}
}
@inproceedings{van2016doubleq,
  title={Deep reinforcement learning with double q-learning},
  author={Van Hasselt, Hado and Guez, Arthur and Silver, David},
  booktitle={Proceedings of the AAAI conference on artificial intelligence},
  volume={30},
  year={2016}
}
@article{schaul2015prioritized,
  title={Prioritized experience replay},
  author={Schaul, Tom and Quan, John and Antonoglou, Ioannis and Silver, David},
  journal={arXiv preprint arXiv:1511.05952},
  year={2015}
}
@inproceedings{wang2016dueling,
  title={Dueling network architectures for deep reinforcement learning},
  author={Wang, Ziyu and Schaul, Tom and Hessel, Matteo and Hasselt, Hado and Lanctot, Marc and Freitas, Nando},
  booktitle={International conference on machine learning},
  pages={1995--2003},
  year={2016},
  organization={PMLR}
}
@book{sutton2018reinforcement,
  title={Reinforcement learning: An introduction},
  author={Sutton, Richard S and Barto, Andrew G},
  year={2018},
  publisher={MIT press}
}
@inproceedings{bellemare2017distributional,
  title={A distributional perspective on reinforcement learning},
  author={Bellemare, Marc G and Dabney, Will and Munos, R{\'e}mi},
  booktitle={International conference on machine learning},
  pages={449--458},
  year={2017},
  organization={PMLR}
}
@article{DBLP:journals/corr/FortunatoAPMOGM17,
  author={Meire Fortunato and
          Mohammad Gheshlaghi Azar and
          Bilal Piot and
          Jacob Menick and
          Ian Osband and
          Alex Graves and
          Vlad Mnih and
          R{\'{e}}mi Munos and
          Demis Hassabis and
          Olivier Pietquin and
          Charles Blundell and
          Shane Legg},
  title={Noisy Networks for Exploration},
  journal={CoRR},
  volume={abs/1706.10295},
  year={2017}
}
@article{DBLP:journals/corr/BojarskiTDFFGJM16,
  author       = {Mariusz Bojarski and
                  Davide Del Testa and
                  Daniel Dworakowski and
                  Bernhard Firner and
                  Beat Flepp and
                  Prasoon Goyal and
                  Lawrence D. Jackel and
                  Mathew Monfort and
                  Urs Muller and
                  Jiakai Zhang and
                  Xin Zhang and
                  Jake Zhao and
                  Karol Zieba},
  title        = {End to End Learning for Self-Driving Cars},
  journal      = {CoRR},
  volume       = {abs/1604.07316},
  year         = {2016}
}
@article{mnih2015human,
  title={Human-level control through deep reinforcement learning},
  author={Mnih, Volodymyr and Kavukcuoglu, Koray and Silver, David and Rusu, Andrei A and Veness, Joel and Bellemare, Marc G and Graves, Alex and Riedmiller, Martin and Fidjeland, Andreas K and Ostrovski, Georg and others},
  journal={nature},
  volume={518},
  number={7540},
  pages={529--533},
  year={2015},
  publisher={Nature Publishing Group UK London}
}
@book{rummery1994line,
  title={On-line Q-learning using connectionist systems},
  author={Rummery, Gavin A and Niranjan, Mahesan},
  volume={37},
  year={1994},
  publisher={University of Cambridge, Department of Engineering Cambridge, UK}
}
@article{andrychowicz2017hindsight,
  title={Hindsight experience replay},
  author={Andrychowicz, Marcin and Wolski, Filip and Ray, Alex and Schneider, Jonas and Fong, Rachel and Welinder, Peter and McGrew, Bob and Tobin, Josh and Pieter Abbeel, OpenAI and Zaremba, Wojciech},
  journal={Advances in neural information processing systems},
  volume={30},
  year={2017}
}
@article{bellemare2013arcade,
  title={The arcade learning environment: An evaluation platform for general agents},
  author={Bellemare, Marc G and Naddaf, Yavar and Veness, Joel and Bowling, Michael},
  journal={Journal of Artificial Intelligence Research},
  volume={47},
  pages={253--279},
  year={2013}
}
@inproceedings{bellemare2012investigating,
  title={Investigating contingency awareness using Atari 2600 games},
  author={Bellemare, Marc and Veness, Joel and Bowling, Michael},
  booktitle={Proceedings of the AAAI Conference on Artificial Intelligence},
  volume={26},
  pages={864--871},
  year={2012}
}
@inproceedings{ye2020mastering,
  title={Mastering complex control in moba games with deep reinforcement learning},
  author={Ye, Deheng and Liu, Zhao and Sun, Mingfei and Shi, Bei and Zhao, Peilin and Wu, Hao and Yu, Hongsheng and Yang, Shaojie and Wu, Xipeng and Guo, Qingwei and others},
  booktitle={Proceedings of the AAAI Conference on Artificial Intelligence},
  volume={34:04},
  pages={6672--6679},
  year={2020}
}
@inproceedings{block2021esports,
  title={eSports: a new industry},
  author={Block, Sebastian and Haack, Florian},
  booktitle={SHS Web of Conferences},
  volume={92},
  pages={04002},
  year={2021},
  organization={EDP Sciences}
}
@article{boettinger2023mastering,
  title={Mastering Nordschleife--A comprehensive race simulation for AI strategy decision-making in motorsports},
  author={Boettinger, Max and Klotz, David},
  journal={arXiv preprint arXiv:2306.16088},
  year={2023}
}
@inproceedings{jaritz2018end,
  title={End-to-end race driving with deep reinforcement learning},
  author={Jaritz, Maximilian and De Charette, Raoul and Toromanoff, Marin and Perot, Etienne and Nashashibi, Fawzi},
  booktitle={2018 IEEE international conference on robotics and automation (ICRA)},
  pages={2070--2075},
  year={2018},
  organization={IEEE}
}
@article{remonda2021formula,
  title={Formula rl: Deep reinforcement learning for autonomous racing using telemetry data},
  author={Remonda, Adrian and Krebs, Sarah and Veas, Eduardo and Luzhnica, Granit and Kern, Roman},
  journal={arXiv preprint arXiv:2104.11106},
  year={2021}
}
@article{bellman1957markovian,
  title={A Markovian decision process},
  author={Bellman, Richard},
  journal={Journal of mathematics and mechanics},
  pages={679--684},
  year={1957},
  publisher={JSTOR}
}
source for images in diagram
mkw logo = https://commons.wikimedia.org/wiki/File:Mariokartwiilogo.png
dolphin logo = https://en.wikipedia.org/wiki/Dolphin_%28emulator%29#/media/File:Dolphin-logo.svg
gc controller picture = https://en.m.wikipedia.org/wiki/File:Gamecube-controller-breakdown.jpg
gc controller diagram = https://www.reddit.com/media?url=https%3A%2F%2Fi.redd.it%2F0g3e70r2ovn21.png
mkwii screenshot = https://themushroomkingdom.net/images/ss/mkwii/045.jpg